<?xml version='1.0' encoding='UTF-8'?>
<record xmlns="http://www.loc.gov/MARC21/slim">
  <leader>00813cam a2200229 a 4500</leader>
  <controlfield tag="001">1652253</controlfield>
  <controlfield tag="003">NjP</controlfield>
  <controlfield tag="005">20170227173542.0</controlfield>
  <controlfield tag="008">940322s1967    iq            000 0 ara d</controlfield>
  <datafield tag="024" ind1="7" ind2=" ">
    <subfield code="a">princeton_aco002533</subfield>
    <subfield code="2">local</subfield>
  </datafield>
  <datafield ind1=" " ind2=" " tag="035">
    <subfield code="a">(OCoLC)ocm30000392</subfield>
  </datafield>
  <datafield ind1=" " ind2=" " tag="035">
    <subfield code="9">CFG3841TS</subfield>
  </datafield>
  <datafield ind1=" " ind2=" " tag="040">
    <subfield code="a">UIU</subfield>
    <subfield code="c">UIU</subfield>
    <subfield code="d">PUL</subfield>
  </datafield>
  <datafield ind1="1" ind2=" " tag="110">
    <subfield code="a">Iraq.</subfield>
    <subfield code="b">Mudīrīyat al-Āthār al-Qadīmah al-ʻĀmmah.</subfield>
    <subfield code="0">http://id.loc.gov/authorities/names/n50065562</subfield>
  </datafield>
  <datafield ind1="1" ind2="3" tag="245">
    <subfield code="a">al-Azyaʾ al-Sumariyah.</subfield>
  </datafield>
  <datafield ind1=" " ind2=" " tag="260">
    <subfield code="a">Baghdad :</subfield>
    <subfield code="b">Mudiriyat al-Athar al-Qadimah al-ʻAmmah,</subfield>
    <subfield code="c">1967.</subfield>
  </datafield>
  <datafield ind1=" " ind2=" " tag="300">
    <subfield code="a">1 v. leaves :</subfield>
    <subfield code="b">ill. ;</subfield>
    <subfield code="c">26 x 22 cm.</subfield>
  </datafield>
  <datafield ind1="0" ind2=" " tag="490">
    <subfield code="a">al-Azyaʻ al-ʻIraqiyah ;</subfield>
    <subfield code="v">1</subfield>
  </datafield>
  <datafield ind1=" " ind2=" " tag="500">
    <subfield code="a">Added t.p.: Sumerian costumes.</subfield>
  </datafield>
  <datafield ind1=" " ind2=" " tag="500">
    <subfield code="a">Text in Arabic and English.</subfield>
  </datafield>
  <datafield ind1=" " ind2="0" tag="650">
    <subfield code="a">Sumerians</subfield>
    <subfield code="x">Clothing.</subfield>
  </datafield>
  <datafield ind1=" " ind2=" " tag="947">
    <subfield code="a">CFG3841</subfield>
  </datafield>
  <datafield ind1=" " ind2=" " tag="911">
    <subfield code="a">20000130</subfield>
  </datafield>
  <datafield ind1="0" ind2="0" tag="852">
    <subfield code="0">1905204</subfield>
    <subfield code="b">nec</subfield>
    <subfield code="t">0</subfield>
    <subfield code="h">GT535</subfield>
    <subfield code="i">.I768 1967</subfield>
  </datafield>
  <datafield ind1=" " ind2=" " tag="959">
    <subfield code="a">2000-06-13 00:00:00 -0500</subfield>
  </datafield>
</record>
